@article{einstein1916general,
  title={The foundation of the general theory of relativity},
  author={Einstein, Albert},
  journal={Annalen der Physik},
  volume={49},
  pages={769--822},
  year={1916},
  publisher={Wiley Online Library}
}

@article{zwicky1933rotverschiebung,
  title={Die Rotverschiebung von extragalaktischen Nebeln},
  author={Zwicky, Fritz},
  journal={Helvetica Physica Acta},
  volume={6},
  pages={110--127},
  year={1933}
}

@article{riess1998observational,
  title={Observational evidence from supernovae for an accelerating universe and a cosmological constant},
  author={Riess, Adam G and others},
  journal={The Astronomical Journal},
  volume={116},
  number={3},
  pages={1009},
  year={1998},
  publisher={IOP Publishing}
}
